%%
% BIBLIOGRAPHY
%%
@INPROCEEDINGS{ Neviani12,
	author={Neviani, A and Bevilacqua, A and Gerosa, A and Vogrig, D.},
	booktitle={IC Design Technology (ICICDT), 2012 IEEE International
		Conference on},
	title={Low-power ultra-Wide-Band Impulse Radio transceivers for short
		range communications},
	year={2012},
	month={May}
}

@INPROCEEDINGS{ Hirt07,
	author={Hirt, W.},
	booktitle={Ultra-Wideband, 2007. ICUWB 2007. IEEE International 
		Conference on},
	title={The European UWB Radio Regulatory and Standards Framework: 
		Overview and Implications},
	year={2007},
	month={Sept}
}

@ARTICLE{ Danesh11,
	author={Danesh, M. and Long, J.R.},
	journal={Microwave Theory and Techniques, IEEE Transactions on},
	title={An Autonomous Wireless Sensor Node Incorporating a Solar Cell 
		Antenna for Energy Harvesting},
	year={2011},
	month={Dec},
	volume={59},
	number={12},
	pages={3546-3555}
}

@techreport{ RabaeyEECS,
	Author = {Rabaey, Jan M. and Gambini, Simone and Guermandi, Davide},
	Title = {A 3-10GHz Ultra-Wideband Pulser},
	Institution = {EECS Department, University of California, Berkeley},
	Year = {2006},
	Month = {Oct},
	URL = {http://www.eecs.berkeley.edu/Pubs/TechRpts/2006/EECS-2006-136.
		html},
	Number = {UCB/EECS-2006-136}
}

@INPROCEEDINGS{ Terada05,
	author={Terada, T. and Yoshizumi, S. and Sanada, Y. and Kuroda, T.},
	booktitle={VLSI Circuits, 2005. Digest of Technical Papers. 2005 
		Symposium on},
	title={A CMOS impulse radio ultra-wideband transceiver for 1Mb/s data
		communications and plusmn;2.5cm range findings},
	year={2005},
	month={June},
	pages={30-33}
}

@ARTICLE{ Gambini12,
	author={Gambini, S. and Crossley, J. and Alon, E. and Rabaey, J.M.},
	journal={Solid-State Circuits, IEEE Journal of},
	title={A Fully Integrated, 290 pJ/bit UWB Dual-Mode Transceiver for cm-	
		Range Wireless Interconnects},
	year={2012},
	month={March},
	volume={47},
	number={3},
	pages={586-598}
}

@INPROCEEDINGS{ Solda10,
	author={Sold√†, S. and Caruso, M. and Bevilacqua, A. and Gerosa,
		A. and Vogrig, D. and Neviani, A.},
	booktitle={ESSCIRC, 2010 Proceedings of the},
	title={A 5Mb/s UWB-IR CMOS transceiver with a 186 pJ/b and 150 pJ/b TX/RX
		energy request},
	year={2010},
	month={Sept},
	pages={498-501}
}

@INPROCEEDINGS{ Neviani14,
	author={Padovan, F. and Bevilacqua, A. and Neviani, A},
	booktitle={(accettata per) ESSCIRC, 2014 Proceedings of the},
	title={A 20 Mb/s, 2.76pJ/b UWB Impulse Radio TX with 11.7\% Efficiency in 
		130nm CMOS},
	year={2014},
	month={Sept},
}

@INPROCEEDINGS{ Amran05,
	author={Amran, M.S. and Queennie Lim Suan Imm and Kordesch, AV.},
	booktitle={Applied Electromagnetics, 2005. APACE 2005. Asia-Pacific 	
		Conference on},
	title={Design of a 130 nm CMOS differential cross-coupled 5 GHz LC
		oscillator},
	year={2005},
	month={Dec}
}

@book{ JaegerMicro,
	title={Microelectronic Circuit Design},
    	author={Jaeger, R. and Blalock, T.},
      isbn={9780073380452},
	year={2010},
	publisher={McGraw-Hill Education}
}

@book{ RazaviFundamentals,
	title={Fundamentals of Microelectronics},
	author={Razavi, B.},
	year={2013},
	publisher={Wiley}
}

@BOOK{ RazaviRF,
	author = "Razavi B.",
	title = "RF Microelectronics. 2nd Edition",
	publisher = "Prentice Hall",
	year = "2011"
}

@BOOK { GuarnieriET,
	author = "Guarnieri M.",
	title = "Elementi di elettrotecnica circuitale",
	year = "2012",
	publisher = "Edizioni Progetto",
	location = "Padova"
}

@BOOK { RazaviED,
	title={Circuiti integrati digitali. L'ottica del progettista},
  	author={Rabaey, J.M. and Chandrakasan, A.P. and Nicoli{\'c}, B.},
  	isbn={9788871922317},
  	year={2005},
	publisher={Pearson Education Italia}
}
